@article{millan10,
  title={{Combining brain--computer interfaces and assistive technologies: State-of-the-art and challenges}},
  author={Mill{\'a}n, Jos{\'e} del R and R. Rupp and G. R. M\"{u}ller-Putz and R. Murray-Smith and C. Giugliemma and  M. Tangermann and C. Vidaurre and F. Cincotti and A. Kübler and R. Leeb and C. Neuper and K.-R. Müller and D. Mattia},
  journal={Front Neurosci},
  volume={4},
	pages = {161},
  year={2010},
  publisher={Frontiers Research Foundation}
}

@article{chavarriaga2010learning,
  title={{Learning from EEG error-related potentials in noninvasive brain-computer interfaces}},
  author={Chavarriaga, Ricardo and Mill{\'a}n, Jos{\'e} del R},
  journal={IEEE Trans Neural Syst Rehabil Eng},
  volume={18},
  number={4},
  pages={381-388},
  year={2010},
  publisher={IEEE}
} 

@inproceedings{iturrate2010robot,
  title={Robot Reinforcement Learning using EEG-based reward signals},
  author={Iturrate, I{\~n}aki and Montesano, Luis and Minguez, Javier},
  booktitle={Robotics and Automation (ICRA), 2010 IEEE International Conference on},
  pages={4822--4829},
  year={2010},
  organization={IEEE}
}

@ARTICLE{vidaurre11, 
  author={Vidaurre, C and Kawanabe, M and von B\"{u}nau, P and Blankertz, B and M\"{u}ller, KR}, 
  journal={IEEE Trans Biomed Eng},
  title={{Toward unsupervised adaptation of LDA for brain-computer interfaces}}, 
  year={2011}, 
  volume={58},
	number={3},
	pages={587-597}
}

@article{Polich1997,
author = {Polich, J},
journal = {International Journal of Psychophysiology},
number = {1-3},
title = {{On the relationship between EEG and P300 : individual differences, aging, and ultradian rhythms}},
volume = {26},
year = {1997}
}

@article{iturrate2013task,
  author={I. Iturrate and L. Montesano and J. Minguez},
  title={{Task-dependent signal variations in EEG error-related potentials for brain-computer interfaces}},
  journal={J Neural Eng},
  volume={10},
  number={2},
	pages = {026024},
  year={2013}
}

@article{vidaurre2010towards,
  title={{Towards a cure for BCI illiteracy}},
  author={Vidaurre, C. and Blankertz, B.},
  journal={Brain Topogr},
  volume={23},
  number={2},
  pages={194--198},
  issn={0896-0267},
  year={2010},
  publisher={Springer}
}

@article{Kindermans2012a,
author = {Kindermans, Pieter-Jan and Verstraeten, David and Schrauwen, Benjamin},
doi = {10.1371/journal.pone.0033758},
journal = {PloS one},
month = jan,
number = {4},
pages = {e33758},
title = {{A bayesian model for exploiting application constraints to enable unsupervised training of a P300-based BCI.}},
volume = {7},
year = {2012}
}

@inproceedings{Kindermans2012b,
author = {Kindermans, PJ and Verschore, Hannes},
booktitle = {NIPS},
pages = {1--9},
title = {{A P300 BCI for the Masses: Prior Information Enables Instant Unsupervised Spelling}},
url = {http://books.nips.cc/papers/files/nips25/NIPS2012\_0332.pdf},
year = {2012}
}

@article{blankertz2010single,
  title={{Single-trial analysis and classification of ERP components: A tutorial}},
  author={Blankertz, B and Lemm, S and Treder, M and Haufe, S and M{\"u}ller, Klaus-Robert},
  journal={Neuroimage},
  volume={56},
	number={2},
	pages={814–-825},
  year={2010},
  publisher={Elsevier}
}

@article{Orsborn2012,
author = {Orsborn, A.L. and Dangi, S and Moorman, H. G. and Carmena, J. M.},
issn = {1558-0210},
journal = {IEEE Trans Neural Syst Rehabil Eng},
number = {4},
title = {{Closed-loop decoder adaptation on intermediate time-scales facilitates rapid BMI performance improvements independent of decoder initialization conditions}},
volume = {20},
year = {2012}
}

@article{tangermann2013zero,
  title={{Zero training for BCI-reality for BCI systems based on event-related potentials}},
  author={Tangermann, Michael and Kindermans, Pieter-Jan and Schreuder, Martijn and Schrauwen, Benjamin and M{\"u}ller, Klaus-Robert},
  journal={Biomed Tech},
  volume={58},
  pages={1},
  year={2013}
}

@ARTICLE{Falkenstein00,
  author = {M. Falkenstein AND J. Hoormann AND S. Christ AND J. Hohnsbein},
  title = {{ERP components on reaction errors and their functional significance: A tutorial}},
  journal = {Biological Psychology},
  year = {2000},
  volume = {51},
  pages = {87-107}
}

@inproceedings{iturrate13,
  title={{Shared-control brain-computer interface for a two dimensional reaching task using EEG error-related potentials}},
  author={Iturrate, I. and Montesano, L. and Minguez, J.},
  booktitle={Conf Proc IEEE Eng Med Biol Soc (EMBC)},
  year={2013},
  organization={IEEE},
	pages = {5258--5262}
}

@article{FerrezErrores,
    title = {{Error-related EEG potentials generated during simulated Brain-Computer interaction}},
    author = {Ferrez, P.W. and Mill{\'a}n, J.d.R.},
    journal = {IEEE Trans Biomed Eng},
    month = {March},
    number = {3},
    pages = {923-929},
    volume = {55},
    year = {2008}
}

@inproceedings{iturrate2010single,
  title={{Single trial recognition of error-related potentials during observation of robot operation}},
  author={Iturrate, Inaki and Montesano, Luis and Minguez, Javier},
  booktitle={Conf Proc IEEE Eng Med Biol Soc (EMBC)},
  pages={4181--4184},
  year={2010}
}

@inproceedings{kolter2009near,
  title={Near-Bayesian exploration in polynomial time},
  author={Kolter, J Zico and Ng, Andrew Y},
  booktitle={International Conference on Machine Learning},
  year={2009},
  organization={ACM}
}

@article{kindermans2014integrating,
  title={Integrating dynamic stopping, transfer learning and language models in an adaptive zero-training ERP speller},
  author={Kindermans, Pieter-Jan and Tangermann, Michael and M{\"u}ller, Klaus-Robert and Schrauwen, Benjamin},
  journal={J Neural Eng},
  volume={11},
  number={3},
  pages={035005},
  year={2014},
  publisher={IOP Publishing}
}

@article{schettini2014self,
  title={Self-calibration algorithm in an asynchronous P300-based brain--computer interface},
  author={Schettini, F and Aloise, F and Aric{\`o}, P and Salinari, S and Mattia, D and Cincotti, F},
  journal={J Neural Eng},
  volume={11},
  number={3},
  pages={035004},
  year={2014},
  publisher={IOP Publishing}
}

@article{chavarriaga2014errare,
  title={Errare machinale est: The use of error-related potentials in brain-machine interfaces},
  author={Chavarriaga, Ricardo and Sobolewski, Aleksander and Mill{\'a}n, Jos{\'e} del R},
  journal={Front Neurosci},
  volume={8},
	pages={208},
  number={EPFL-ARTICLE-200119},
  year={2014},
  publisher={Frontiers Research Foundation}
}

@article{kindermans2014true,
  title={True Zero-Training Brain-Computer Interfacing--An Online Study},
  author={Kindermans, Pieter-Jan and Schreuder, Martijn and Schrauwen, Benjamin and M{\"u}ller, Klaus-Robert and Tangermann, Michael},
  journal={PloS one},
  volume={9},
  number={7},
  pages={e102504},
  year={2014},
  publisher={Public Library of Science}
}


@article{lu2009unsupervised,
  title={Unsupervised brain computer interface based on intersubject information and online adaptation},
  author={Lu, Shijian and Guan, Cuntai and Zhang, Haihong},
  journal={Neural Systems and Rehabilitation Engineering, IEEE Transactions on},
  volume={17},
  number={2},
  pages={135--145},
  year={2009}
}

@article{congedo2013new,
  title={A New Generation of Brain-Computer Interface Based on Riemannian Geometry},
  author={Congedo, Marco and Barachant, Alexandre and Andreev, Anton},
  journal={arXiv preprint arXiv:1310.8115},
  year={2013}
}

@incollection{fazli2011l1,
  title={l1-Penalized Linear Mixed-Effects Models for BCI},
  author={Fazli, Siamac and Dan{\'o}czy, M{\'a}rton and Schelldorfer, J{\"u}rg and M{\"u}ller, Klaus-Robert},
  booktitle={Artificial Neural Networks and Machine Learning--ICANN 2011},
  pages={26--35},
  year={2011},
  publisher={Springer}
}

@article{fazli2009subject,
  title={Subject-independent mental state classification in single trials},
  author={Fazli, Siamac and Popescu, Florin and Dan{\'o}czy, M{\'a}rton and Blankertz, Benjamin and M{\"u}ller, Klaus-Robert and Grozea, Cristian},
  journal={Neural Netw},
  volume={22},
  number={9},
  pages={1305--1312},
  year={2009},
  publisher={Elsevier}
}


@book{polich2003theoretical,
  title={Theoretical overview of P3a and P3b},
  author={Polich, John},
  year={2003},
  publisher={Springer}
}


@article{lotte2007review,
  title={{A review of classification algorithms for EEG-based brain--computer interfaces}},
  author={Lotte, Fabien and Congedo, Marco and L{\'e}cuyer, Anatole and Lamarche, Fabrice and Arnaldi, Bruno and others},
  journal={J Neural Eng},
  volume={4},
  number={2},
  pages={R1},
	year={2007}
}

@book{gelman2003bayesian,
  title={Bayesian data analysis},
  author={Gelman, Andrew and Carlin, John B and Stern, Hal S and Rubin, Donald B},
  year={2003},
  publisher={CRC press}
}

@inproceedings{grizou2014interactive,
  title={Interactive Learning from Unlabeled Instructions},
  author={Grizou, Jonathan and Iturrate, I{\~n}aki and Montesano, Luis and Oudeyer, Pierre-Yves and Lopes, Manuel},
  booktitle={Proc Uncertain Artif Intell (UAI)},
  year={2014},
	pages = {290-299}
}

@inproceedings{grizou2013robot,
  title={Robot learning simultaneously a task and how to interpret human instructions},
  author={Grizou, Jonathan and Lopes, Manuel and Oudeyer, Pierre-Yves},
  booktitle={Development and Learning and Epigenetic Robotics (ICDL), 2013 IEEE Third Joint International Conference on},
  year={2013}
}

@article{grizou2014calibration,
  title={{Calibration-Free BCI Based Control}},
  author={Grizou, Jonathan and Iturrate, Inaki and Montesano, Luis and Oudeyer, Pierre-Yves and Lopes, Manuel},
  journal={Proc Conf AAAI Artif Intell},
	pages={1213-1220},
  year={2014}
}


  	
@article{vidaurre11b,
  author={Carmen Vidaurre and Claudia Sannelli and Klaus-Robert Müller and Benjamin Blankertz},
  title="{Co-adaptive calibration to improve BCI efficiency}",
  journal={J Neural Eng},
  volume={8},
  number={2},
  pages={025009},
  url={http://stacks.iop.org/1741-2552/8/i=2/a=025009},
  year={2011},
  abstract={All brain–computer interface (BCI) groups that have published results of studies involving a large number of users performing BCI control based on the voluntary modulation of sensorimotor rhythms (SMR) report that BCI control could not be achieved by a non-negligible number of subjects (estimated 20% to 25%). This failure of the BCI system to read the intention of the user is one of the greatest problems and challenges in BCI research. There are two main causes for this problem in SMR-based BCI systems: either no idle SMR is observed over motor areas of the user, or this idle rhythm is not modulated during motor imagery, resulting in a classification performance lower than 70% (criterion level) that renders the control of a BCI application (like a speller) difficult or impossible. Previously, we introduced the concept of machine learning based co-adaptive calibration, which provided substantially improved performance for a variety of users. Here, we use a similar approach and investigate to what extent co-adaptive learning enables significant BCI control for completely novice users, as well as for those who could not achieve control with a conventional SMR-based BCI.}
}
	
	
@inproceedings{krauledat2006reducing,
  title={Reducing calibration time for brain-computer interfaces: A clustering approach},
  author={Krauledat, Matthias and Schr{\"o}der, Michael and Blankertz, Benjamin and M{\"u}ller, Klaus-Robert},
  booktitle={Proc Adv Neural Inf Process Syst (NIPS)},
  pages={753--760},
  year={2006}
}
	
@inproceedings{iturrate2011minimizing,
  title={Minimizing calibration time using inter-subject information of single-trial recognition of error potentials in brain-computer interfaces},
  author={Iturrate, I. and Montesano, L. and Chavarriaga, R. and Mill{\'a}n, Jos{\'e} del R and Minguez, J.},
  booktitle={Conf Proc IEEE Eng Med Biol Soc (EMBC)},
  pages={6369--6372},
  year={2011},
}

@article{faller2012autocalibration,
  title={{Autocalibration and recurrent adaptation: Towards a plug and play online ERD-BCI}},
  author={Faller, Josef and Vidaurre, Carmen and Solis-Escalante, Teodoro and Neuper, Christa and Scherer, Reinhold},
  journal={IEEE Trans Neural Syst Rehabil Eng},
  volume={20},
  number={3},
  pages={313--319},
  year={2012}
}

@inproceedings{lotte2010learning,
  title={Learning from other subjects helps reducing brain-computer interface calibration time},
  author={Lotte, Fabien and Guan, Cuntai},
  booktitle={Proc IEEE Int Conf Acoust Speech Signal Process},
  pages={614--617},
  year={2010}
}

@inproceedings{lotte:inria-00599325,
  TITLE = {{Generating Artificial EEG Signals To Reduce BCI Calibration Time}},
  AUTHOR = {Lotte, Fabien},
  BOOKTITLE = {{5th International Brain-Computer Interface Workshop}},
  ADDRESS = {Graz, Austria},
  PAGES = {176-179},
  YEAR = {2011},
  MONTH = Sep,
  KEYWORDS = {artificial data generation ; calibration time reduction ; Brain-Computer Interfaces},
}

@ARTICLE{Orsborn12,
author={Orsborn, A.L. and Dangi, S. and Moorman, H.G. and Carmena, J.M.},
journal={Neural Systems and Rehabilitation Engineering, IEEE Transactions on},
title={Closed-Loop Decoder Adaptation on Intermediate Time-Scales Facilitates Rapid BMI Performance Improvements Independent of Decoder Initialization Conditions},
year={2012},
month={July},
volume={20},
number={4},
pages={468-477},
keywords={brain-computer interfaces;closed loop systems;neurophysiology;CLDA algorithm;SmoothBatch convergence;adaptation algorithms;baseline neural activity;clinical applications;closed-loop BMI;closed-loop brain-machine interface performance;closed-loop decoder adaptation;coadaptation process;decoder adaptation time-scale;decoder initialization conditions;decoder parameters;exponentially weighted sliding average;intermediate time-scales;ipsilateral arm movements;motor deficits;nonhuman primate;offline decoding power;rapid BMI performance;sensory ability;subject-decoder interactions;visual observation;Adaptive algorithms;Adaptive control;Brain computer interfaces;Closed loop systems;Kinematics;Adaptive control;brain–machine interfaces (BMIs);closed loop systems;motor cortex;Algorithms;Animals;Biofeedback, Psychology;Brain;Electroencephalography;Evoked Potentials, Motor;Feedback;Humans;Macaca mulatta;Male;Movement;Pattern Recognition, Automated;User-Computer Interface},
doi={10.1109/TNSRE.2012.2185066},
ISSN={1534-4320},}

@article{orsborn2014closed,
  title={Closed-loop decoder adaptation shapes neural plasticity for skillful neuroprosthetic control},
  author={Orsborn, A.L. and Moorman, H.G. and Overduin, Simon A and Shanechi, Maryam M and Dimitrov, Dragan F and Carmena, Jose M},
  journal={Neuron},
  volume={82},
  number={6},
  pages={1380--1393},
  year={2014},
  publisher={Elsevier}
}

@article{ledoit2004honey,
  title="{Honey, I shrunk the sample covariance matrix}",
  author={Ledoit, Olivier and Wolf, Michael},
  journal={The Journal of Portfolio Management},
  volume={30},
  number={4},
  pages={110--119},
  year={2004},
  publisher={Institutional Investor Journals}
}

@book{barto1998reinforcement,
  title={Reinforcement learning: An introduction},
  author={Andrew Barto and Richard S. Sutton},
  year={1998},
  publisher={MIT press}
}

@article{mcfarland2010electroencephalographic,
  title={{Electroencephalographic (EEG) control of three-dimensional movement}},
  author={McFarland, Dennis J and Sarnacki, William A and Wolpaw, Jonathan R},
  journal={J Neural Eng},
  volume={7},
  number={3},
  pages={036007},
  year={2010},
  publisher={IOP Publishing}
}

@article{birbaumer1999spelling,
  title={A spelling device for the paralysed},
  author={Birbaumer, Niels and Ghanayim, Nimr and Hinterberger, Thilo and Iversen, Iver and Kotchoubey, Boris and K{\"u}bler, Andrea and Perelmouter, Juri and Taub, Edward and Flor, Herta},
  journal={Nature},
  volume={398},
  number={6725},
  pages={297--298},
  year={1999},
  publisher={Nature Publishing Group}
}

@article{schalk2008two,
  title={Two-dimensional movement control using electrocorticographic signals in humans},
  author={Schalk, Gerwin and Miller, KJ and Anderson, NR and Wilson, JA and Smyth, MD and Ojemann, JG and Moran, DW and Wolpaw, JR and Leuthardt, EC},
  journal={J Neural Eng},
  volume={5},
  number={1},
  pages={75},
  year={2008},
  publisher={IOP Publishing}
}

@inproceedings{Omedes13ErrPFreq,
  title={Using frequency-domain features for the generalization of EEG error-related potentials among different tasks},
  author={Omedes, J. and Iturrate, I. and Montesano, L. and Minguez, J.},
  booktitle={Conf Proc IEEE Eng Med Biol Soc (EMBC)},
  year={2013},
  organization={IEEE},
	pages = {5263--5266}
}